@article{Sisto1990,
	title = {Minimal interface criterion for phase transitions in mixtures of {C}ahn-{H}illiard fluids},
	author={Baldo, S},
	journal={Annales de l'Institut Henri Poincaré C, Analyse non linéaire},
        volume={7},
	number={2},
	pages={67--90},
	year={1990}
}

@inproceedings{BourdinChambolle2006,
	author = {Bourdin, B. and Chambolle, A.},
	doi = {10.1007/1-4020-4752-5},
	month = {June},
	pages = {207--216},
	publisher = {Springer},
	series = {Solid Mechanics and its Applications},
	title = {The phase-field method in optimal design},
	year = {2006}
}

@book{DalMaso-1993,
	address = {Boston},
	author = {{Dal~Maso}, G.},
	publisher = {Birkh{\"a}user},
	title = {An introduction to {$\Gamma$}-convergence},
	year = {1993}
}

@article{Modica-Mortola-1977b,
	author = {Modica, L. and Mortola, S.},
	journal = {Bollettino dell'Unione Matematica Italiana B (5)},
	number = {1},
	pages = {285--299},
	title = {Un esempio di {$\Gamma$}--convergenza},
	volume = {14},
	year = {1977}
}

@article{Shabani,
	author = {Jamal Shabani and Kaushik Bhattacrarya and Blaise Bourdin},
	journal = {Applied Mathematics and Optimization},
	title = {Systematic design of compliant morphing structures: a phase-field approach},
	year = {2024 (Submitted for publication)}
}


@book{Braides-2002,
	address = {Oxford},
	author = {Braides, A.},
	publisher = {Oxford University Press},
	series = {Oxford Lecture Series in Mathematics and its Applications},
	title = {{$\Gamma$}-convergence for beginners},
	volume = {22},
	year = {2002}}

@book{Allaire2002,
	address = {New York},
	author = {Allaire, G.},
	isbn = {0-387-95298-5},
	pages = {xvi+456},
	publisher = {Springer-Verlag},
	title = {Shape optimization by the homogenization method},
	year = {2002}}

@article{SimonFarrel2013,
    author = {Simon, W. Funke and Patrick, E. Farrell},
    title = {A framework for automated PDE-constrained optimisation},
    journal = {CoRR},
    volume = {abs/1302.3894},
    year      = {2013}
}

@book{Cherkaev2000,
        author = {Andrej, Cherkaev},
        title =  {Variational Methods for Structural Optimization},
	   publisher = {Springer Verlag},
	   address = {Berlin},
        series = {Applied Mathematical Sciences},
        year =  {2000},
	   doi = {10.1007/978-1-4612-1188-4},
        number = {140}    
}

@article{AlexanderianSunseri2019,
        author = {Alexanderian, Alen and Sunseri, Isaac},
        title =  {Computing gradients and Hessians using the adjoint method},
        journal = {North Carolina State University},
        year =  {2019},
        url ={https://aalexan3.math.ncsu.edu/articles/adjoint_based_gradient_and_hessian.pdf}  
}

@article{More-Thuente1994,
    author = {Mor\'{e}, Jorge J. and Thuente, David J.},
    title = {Line Search Algorithms with Guaranteed Sufficient Decrease},
    year = {1994},
    volume = {20},
    number = {3},
    doi = {10.1145/192115.192132},
    journal = {ACM Transactions on Mathematical Software},
    pages = {286--307}
}

@article{SMA2015,
    author = {Rodrigue, Hugo and Wang, Wei and Bhandari, Binayak and Ahn, Sung-Hoon},
    year = {2015},
    pages = {125003},
    title = {{Fabrication of wrist-like SMA-based actuator by double smart soft composite casting}},
    volume = {24},
    journal = {\normalfont{Smart Materials and Structures}}
}
@article{FiredrakeUserManual,
    title        = {Firedrake User Manual},
    author       = {David A. Ham and Paul H. J. Kelly and Lawrence Mitchell and Colin J. Cotter and Robert C. Kirby and Koki Sagiyama and Nacime Bouziani and Sophia Vorderwuelbecke and Thomas J. Gregory and Jack Betteridge and Daniel R. Shapero and Reuben W. Nixon-Hill and Connor J. Ward and Patrick E. Farrell and Pablo D. Brubeck and India Marsden and Thomas H. Gibson and Miklós Homolya and Tianjiao Sun and Andrew T. T. McRae and Fabio Luporini and Alastair Gregory and Michael Lange and Simon W. Funke and Florian Rathgeber and Gheorghe-Teodor Bercea and Graham R. Markall},
    organization = {Imperial College London and University of Oxford and Baylor University and University of Washington},
    edition      = {First edition},
    year         = {2023},
    month        = {5},
    doi          = {10.25561/104839},
}